@Online{ofcom_coms_report,
	Title                    = {The Communications Market Report},
	Author                   = {Ofcom},
	Year                     = {2015},
	url                      = {https://www.ofcom.org.uk/__data/assets/pdf_file/0022/20668/cmr_uk_2015.pdf} 
}

@Online{statista_mobile_web_traffic,
	Title                    = {Percentage of mobile device website traffic worldwide from 1st quarter 2015 to 2nd quarter 2020},
	Author                   = {Statista.com},
	Year                     = {2020},
	url                      = {https://www.statista.com/statistics/277125/share-of-website-traffic-coming-from-mobile-devices/} 
}

@Online{pt_mobile_apps_2019,
	Title                    = {Vulnerabilities and threats in mobile applications},
	Author                   = {Positive Technologies},
	Year                     = {2019},
	url                      = {https://www.ptsecurity.com/upload/corporate/ww-en/analytics/Mobile-Application-Vulnerabilities-and-Threats-2019-eng.pdf} 
}

@Online{pt_threatscape_2019,
	Title                    = {Cybersecurity threatscape 2018 Trends and forecasts},
	Author                   = {Positive Technologies},
	Year                     = {2019},
	url                      = {https://www.ptsecurity.com/upload/corporate/ww-en/analytics/Cybersecurity-threatscape-2018-eng.pdf} 
}

@Online{pt_threatscape_2018,
	Title                    = {Cybersecurity threatscape 2017 Trends and forecasts},
	Author                   = {Positive Technologies},
	Year                     = {2018},
	url                      = {https://www.ptsecurity.com/upload/corporate/ww-en/analytics/Cybersecurity-threatscape-2017-eng.pdf} 
}

@Online{pt_threatscape_2020,
	Title                    = {Cybersecurity threatscape 2019},
	Author                   = {Positive Technologies},
	Year                     = {2020},
	url                      = {https://www.ptsecurity.com/upload/corporate/ww-en/analytics/cybersecurity-threatscape-2019-eng.pdf} 
}

@Online{pt_threatscape_2020q2,
	Title                    = {Cybersecurity threatscape Q2 2020},
	Author                   = {Positive Technologies},
	Year                     = {2020},
	url                      = {https://www.ptsecurity.com/upload/corporate/ww-en/analytics/cybersecurity-threatscape-2020-q2-eng.pdf} 
}

@Online{fbi_covid_fraud,
	Title                    = {COVID-19 Fraud: Law Enforcement’s Response to Those Exploiting the Pandemic},
	Author                   = {Federal Bureau of Investigation},
	Year                     = {2020},
	url                      = {https://www.fbi.gov/news/testimony/covid-19-fraud-law-enforcements-response-to-those-exploiting-the-pandemic} 
}

@Online{guardian_covid_attack,
	Title                    = {Huge rise in hacking attacks on home workers during lockdown},
	Author                   = {Jasper Jolly},
	Year                     = {2020},
	url                      = {https://www.theguardian.com/technology/2020/may/24/hacking-attacks-on-home-workers-see-huge-rise-during-lockdown} 
}

@Online{canada_covid_attack,
	Title                    = {New ramsomware posing as COVID-19 tracing app targets Canada},
	Author                   = {Lukas Stefanko},
	Year                     = {2020},
	url                      = {https://www.welivesecurity.com/2020/06/24/new-ransomware-uses-covid19-tracing-guise-target-canada-eset-decryptor/} 
}

@Online{czech_hospital_covid_attack,
	Title                    = {Coronavirus related cyber attacks hit HHS in US, testing center in Czech},
	Author                   = {Deeba Ahmed},
	Year                     = {2020},
	url                      = {https://www.hackread.com/coronavirus-cyber-attacks-us-hhs-czech-testing-center/} 
}

@Online{diva_walkthrough,
	Title                    = {Cracking Damn Insecure and Vulnerable App (DIVA) – part 4},
	Author                   = {Srinivas},
	Year                     = {2016},
	url                      = {https://resources.infosecinstitute.com/topic/cracking-damn-insecure-and-vulnerable-app-diva-part-4/} 
}

@Online{android_insecure_bank_github,
	Title                    = {Android-InsecureBankv2},
	Author                   = {dineshshetty},
	Year                     = {2019},
	url                      = {https://github.com/dineshshetty/Android-InsecureBankv2} 
}

@Online{android_insecure_bank_walkthrough,
	Title                    = {Android InsecureBankv2 Walkthrough: Part 2},
	Author                   = {Hacktivities},
	Year                     = {2020},
	url                      = {https://infosecwriteups.com/android-insecurebankv2-walkthrough-part-2-429b4ab4a60f} 
}

@Online{malwarebytes_blog,
	Title                    = {Why bad coding habits die hard—and 7 ways to kill them},
	Author                   = {Jovi Umawing},
	Year                     = {2018},
	url                      = {https://blog.malwarebytes.com/101/2018/05/bad-code-wont-die-7-ways-kill/} 
}

@ARTICLE{android_vulnerabilities_evolution,  
    author = {J. {Gao} and L. {Li} and P. {Kong} and T. F. {Bissyandé} and J. {Klein}},  
    journal = {IEEE Transactions on Reliability},   
    title = {Understanding the Evolution of Android App Vulnerabilities},   
    year={2019},  
    volume={70},  
    number={1},  
    pages={212-230},  
    doi={10.1109/TR.2019.2956690}
}

@Online{google_blog_improve_security,
	Title                    = {The App Defense Alliance: Bringing the security industry together to fight bad apps},
	Author                   = {Dave Kleidermacher},
	Year                     = {2019},
	url                      = {https://security.googleblog.com/2019/11/the-app-defense-alliance-bringing.html} 
}

@inproceedings{newer_android_vulnerabilities_evolution,
    author = {Wang, Haoyu and Li, Hao and Guo, Yao},
    title = {Understanding the Evolution of Mobile App Ecosystems: A Longitudinal Measurement Study of Google Play},
    year = {2019},
    isbn = {9781450366748},
    publisher = {Association for Computing Machinery},
    address = {New York, NY, USA},
    url = {https://doi.org/10.1145/3308558.3313611},
    doi = {10.1145/3308558.3313611},
    booktitle = {The World Wide Web Conference},
    pages = {1988–1999},
    numpages = {12},
    keywords = {evolution, Google Play, Android, App ecosystem},
    location = {San Francisco, CA, USA},
    series = {WWW '19}
}

@Online{android_release_date,
	Title                    = {Announcing the Android 1.0 SDK, release 1},
	Author                   = {Android Developers Blog},
	Year                     = {2008},
	url                      = {https://android-developers.googleblog.com/2008/09/announcing-android-10-sdk-release-1.html} 
}

@Online{android_languages_statistic,
	Title                    = {Android latest languages},
	Author                   = {OpenHub.net},
	Year                     = {2020},
	url                      = {https://www.openhub.net/p/android/analyses/latest/languages_summary} 
}

@Online{android_using_kotlin,
	Title                    = {Google I/O 2019: Empowering developers to build the best experiences on Android + Play},
	Author                   = {Chet Haase},
	Year                     = {2019},
	url                      = {https://android-developers.googleblog.com/2019/05/google-io-2019-empowering-developers-to-build-experiences-on-Android-Play.html} 
}

@Online{android_app_fundamentals,
	Title                    = {Application Fundamentals},
	Author                   = {Developer.android.com},
	Year                     = {2021},
	url                      = {https://developer.android.com/guide/components/fundamentals} 
}

@Online{whats_is_a_service,
	Title                    = {What is a service},
	Author                   = {Developer.android.com},
	Year                     = {2021},
	url                      = {https://developer.android.com/reference/android/app/Service#what-is-a-service} 
}

@Online{services_overview,
	Title                    = {Services overview},
	Author                   = {Developer.android.com},
	Year                     = {2021},
	url                      = {https://developer.android.com/guide/components/services} 
}

@Online{broadcasts_overview,
	Title                    = {Broadcasts overview},
	Author                   = {Developer.android.com},
	Year                     = {2021},
	url                      = {https://developer.android.com/guide/components/broadcasts} 
}

@Online{sticky_broadcast,
	Title                    = {Send sticky broadcast},
	Author                   = {Developer.android.com},
	Year                     = {2021},
	url                      = {https://developer.android.com/reference/android/content/Context#sendStickyBroadcast(android.content.Intent)} 
}

@Online{whittle15_dragons,
	Title                    = {Path Traced Glass Dragons},
	Author                   = {Joss Whittle},
	Year                     = {2015},
}

@Online{sizeofinternet,
	Author                   = {{Internet Live Stats}},
	Year                     = {2020},
	url                      = {https://www.internetlivestats.com},
}

@Online{gwern,
	Title                    = {Internet Search Tips},
	Author                   = {Gwern Branwen},
	Year                     = {2020},
	url                      = {https://www.gwern.net/Search},
}

@Online{texnique,
	Title                    = {TeXnique},
	Author                   = {Akshay Ravikumar},
	Year                     = {2019},
	url                      = {https://texnique.xyz},
}

@Online{texstackexchange,
	Title                    = {TeX StackExchange},
	Author                   = {{Stack Overflow}},
	Year                     = {2008},
	url                      = {https://tex.stackexchange.com},
}

@Online{overleafdocs,
	Title                    = {Overleaf Documentation},
	Author                   = {{Overleaf}},
	Year                     = {2020},
	url                      = {https://www.overleaf.com/learn},
}

@Online{mendeley,
	Title                    = {Mendeley},
	Author                   = {{RELX Group}},
	Year                     = {2019},
	url                      = {https://www.mendeley.com},
}

@Online{arxiv,
	Title                    = {arXiv},
	Author                   = {{Cornell University}},
	Year                     = {1991},
	url                      = {https://arxiv.org},
}

@Online{paperswithcode,
	Title                    = {Papers With Code},
	Author                   = {{Atlas ML}},
	Year                     = {2020},
	url                      = {https://paperswithcode.com},
}

@Online{highlighter,
	Title                    = {Slides Code Highlighter},
	Author                   = {Roman Nurik},
	Year                     = {2017},
	url                      = {https://romannurik.github.io/SlidesCodeHighlighter},
}

@INPROCEEDINGS{kaj86,
    author    = {Kajiya, James T.},
    title     = {The Rendering Equation},
    booktitle = {Proceedings of the 13th Annual Conference on Computer Graphics and Interactive Techniques},
    year      = {1986},
    series    = {SIGGRAPH '86},
    pages     = {143--150},
    address   = {New York, NY, USA},
    publisher = {ACM},
    isbn      = {0-89791-196-2},
    numpages  = {8},
    acmid     = {15902}
}
